% vim : set foldmethod=marker :
%================================================
% 参考文献リスト
%------------------------------------------------
% 本ファイルを未編集のまま正常にコンパイルするためにはsty/penguin.bst(非公開)が必要．
% bstファイルを入手し，そのフォーマットに沿った表記法で修正する必要あり．
%================================================

% 論文を参照するときの一般的なフォーマット
% （usage.texでは参照していないので，pdfに表示されない）
@article{test0,
	author="著者1 and 著者2",
	title="文献タイトル",
	journal="ペンギン学会論文誌",
	volume="1",
	number="2",
	pages="3-4",
	year="2020",
}

% 書籍を参照するときの一般的なフォーマット
@book{Nantoka_1999,
	author="難都家 出来太",
	title="ペンギンでもできる文書作成",
	publisher="ペンギン出版",
	year="1999",
}

%wabepageは著者名が無くても表示できるように変更
%この影響で，webpageのみ著者名を入れるときは"："を手動で追加する
%URLはアンダーバー対策で\urlのコマンドが必要
@webpage{test1,
	author="著者名：",
	title="Webページタイトル---著者名に手動で「：」追加パターン---",
	url="\url{http://google.co.jp}",
	refdate="2020/11/29",
}

@webpage{test2,
	title="著者無しでタイトル",
	url="\url{https://github.com/adelie-penguin/penguin_sty}",
	refdate="2020/11/29",
}

%参考文献情報を直接書きたい場合の書き方
@direct{test3,
	title="論文書太，論文無理太：僕と私の卒業研究，論文誌名，Vol. 1, No. 1, pp. 1--5(2000)",
}
